@PhDThesis{une_these,
title = "Titre de la Thèse",
author = "Nom, Prénom",
school = "Université ...",
year = "20xx",
}

@Misc{un_site,
	author       = "Nom1, Prénom1 and Nom2, Prénom2",
	title        = "Un site ...",
	howpublished = "\url{www.unsite.fr}",
}

@Misc{data,
    title = "Jeu de données",
    howpublished = "\url{https://data.arcep.fr/mobile/sites/}"
}